<record><leader>00000cas a2200000 a 4500</leader><controlfield tag="001">33346523</controlfield><controlfield tag="007">hd bfu---baat</controlfield><controlfield tag="007">hd afu---bact</controlfield><controlfield tag="008">951023d19031904nbuwr nea     0    0eng d</controlfield><datafield ind1=" " ind2=" " tag="010"><subfield code="a">sn 95073932 </subfield></datafield><datafield ind1=" " ind2=" " tag="040"><subfield code="a">NVG</subfield><subfield code="b">eng</subfield><subfield code="c">NVG</subfield><subfield code="d">OCL</subfield><subfield code="d">OCLCQ</subfield><subfield code="d">OCLCF</subfield><subfield code="d">OCLCO</subfield><subfield code="d">OCLCQ</subfield></datafield><datafield ind1=" " ind2=" " tag="042"><subfield code="a">msc</subfield></datafield><datafield ind1=" " ind2=" " tag="043"><subfield code="a">n-us-nb</subfield></datafield><datafield ind1="0" ind2="0" tag="245"><subfield code="a">Hitchcock County herald.</subfield></datafield><datafield ind1="1" ind2=" " tag="246"><subfield code="i">Masthead title:</subfield><subfield code="a">Weekly herald</subfield><subfield code="f">Jan. 23, 1903</subfield></datafield><datafield ind1=" " ind2=" " tag="260"><subfield code="a">Culbertson, Neb. :</subfield><subfield code="b">J.C.L. Wisely,</subfield><subfield code="c">1903-1904.</subfield></datafield><datafield ind1=" " ind2=" " tag="300"><subfield code="a">2 volumes</subfield></datafield><datafield ind1=" " ind2=" " tag="310"><subfield code="a">Weekly</subfield></datafield><datafield ind1=" " ind2=" " tag="336"><subfield code="a">text</subfield><subfield code="b">txt</subfield><subfield code="2">rdacontent</subfield></datafield><datafield ind1=" " ind2=" " tag="337"><subfield code="a">microform</subfield><subfield code="b">h</subfield><subfield code="2">rdamedia</subfield></datafield><datafield ind1=" " ind2=" " tag="338"><subfield code="a">microfilm reel</subfield><subfield code="b">hd</subfield><subfield code="2">rdacarrier</subfield></datafield><datafield ind1="0" ind2=" " tag="362"><subfield code="a">Vol. 1, no. 1 (Jan. 23, 1903)-v. 2, no. 2 (Jan. 26, 1904).</subfield></datafield><datafield ind1=" " ind2=" " tag="500"><subfield code="a">Title from publisher's box.</subfield></datafield><datafield ind1=" " ind2=" " tag="580"><subfield code="a">Absorbed in part by: Trenton leader, and: Culbertson era.</subfield></datafield><datafield ind1=" " ind2=" " tag="533"><subfield code="a">Microfilm.</subfield><subfield code="m">1903-1904.</subfield><subfield code="b">[Lincoln, Neb. :</subfield><subfield code="c">Nebraska State Historical Society].</subfield><subfield code="e">1 microfilm reel ; 35 mm.</subfield></datafield><datafield ind1=" " ind2="0" tag="651"><subfield code="a">Culbertson (Neb.)</subfield><subfield code="v">Newspapers.</subfield></datafield><datafield ind1=" " ind2="0" tag="651"><subfield code="a">Hitchcock County (Neb.)</subfield><subfield code="v">Newspapers.</subfield></datafield><datafield ind1=" " ind2="7" tag="651"><subfield code="a">Nebraska</subfield><subfield code="z">Culbertson.</subfield><subfield code="2">fast</subfield><subfield code="0">(OCoLC)fst01276224</subfield></datafield><datafield ind1=" " ind2="7" tag="651"><subfield code="a">Nebraska</subfield><subfield code="z">Hitchcock County.</subfield><subfield code="2">fast</subfield><subfield code="0">(OCoLC)fst01265377</subfield></datafield><datafield ind1=" " ind2="7" tag="655"><subfield code="a">Newspapers.</subfield><subfield code="2">fast</subfield><subfield code="0">(OCoLC)fst01423814</subfield></datafield><datafield ind1=" " ind2=" " tag="752"><subfield code="a">United States</subfield><subfield code="b">Nebraska</subfield><subfield code="c">Hitchcock</subfield><subfield code="d">Culbertson.</subfield></datafield><datafield ind1="1" ind2="5" tag="785"><subfield code="t">Trenton leader</subfield><subfield code="w">(DLC)sn 95073028</subfield></datafield><datafield ind1="1" ind2="5" tag="785"><subfield code="t">Culbertson era</subfield><subfield code="w">(DLC)sn 95073931</subfield></datafield><datafield ind1="1" ind2=" " tag="029"><subfield code="a">AU@</subfield><subfield code="b">000012082053</subfield></datafield></record>